@article{ref1,
  title={MRI segmentation of the human brain: challenges, methods, and applications},
  author={Despotovi{\'c}, Ivana and Goossens, Bart and Philips, Wilfried},
  journal={Computational and mathematical methods in medicine},
  volume={2015},
  year={2015},
  publisher={Hindawi}
}

@article{ref2,
  title={A nonparametric method for automatic correction of intensity nonuniformity in MRI data},
  author={Sled, John G and Zijdenbos, Alex P and Evans, Alan C},
  journal={IEEE transactions on medical imaging},
  volume={17},
  number={1},
  pages={87--97},
  year={1998},
  publisher={IEEE}
}

@article{ref3,
  title={A review of methods for correction of intensity inhomogeneity in MRI},
  author={Vovk, Uro and Pernus, Franjo and Likar, Botjan},
  journal={IEEE transactions on medical imaging},
  volume={26},
  number={3},
  pages={405--421},
  year={2007},
  publisher={IEEE}
}

@article{ref4,
  title={A review on MR image intensity inhomogeneity correction},
  author={Hou, Zujun},
  journal={International journal of biomedical imaging},
  volume={2006},
  year={2006},
  publisher={Hindawi}
}


@article{ref5,
  title={Review of intensity inhomogeneity correction methods for brain MRI Images},
  author={Balafar, Mohammad Ali},
  journal={Issue},
  volume={13},
  pages={60--66},
  year={2012}
}


@article{ref6,
  title={Multiplicative intrinsic component optimization (MICO) for MRI bias field estimation and tissue segmentation},
  author={Li, Chunming and Gore, John C and Davatzikos, Christos},
  journal={Magnetic resonance imaging},
  volume={32},
  number={7},
  pages={913--923},
  year={2014},
  publisher={Elsevier}
}

@book{ref7,
  title={Approximation theory and methods},
  author={Powell, Michael James David},
  year={1981},
  publisher={Cambridge university press}
}

@article{ref8,
  title={Review of automatic segmentation methods of multiple sclerosis white matter lesions on conventional magnetic resonance imaging},
  author={Garc{\'\i}a-Lorenzo, Daniel and Francis, Simon and Narayanan, Sridar and Arnold, Douglas L and Collins, D Louis},
  journal={Medical image analysis},
  volume={17},
  number={1},
  pages={1--18},
  year={2013},
  publisher={Elsevier}
}

@article{ref9,
  title={Segmentation of multiple sclerosis lesions in brain MRI: a review of automated approaches},
  author={Llad{\'o}, Xavier and Oliver, Arnau and Cabezas, Mariano and Freixenet, Jordi and Vilanova, Joan C and Quiles, Ana and Valls, Laia and Rami{\'o}-Torrent{\`a}, Llu{\'\i}s and Rovira, {\`A}lex},
  journal={Information Sciences},
  volume={186},
  number={1},
  pages={164--185},
  year={2012},
  publisher={Elsevier}
}



@article{ref10,
  title={Deep 3D convolutional encoder networks with shortcuts for multiscale feature integration applied to multiple sclerosis lesion segmentation},
  author={Brosch, Tom and Tang, Lisa YW and Yoo, Youngjin and Li, David KB and Traboulsee, Anthony and Tam, Roger},
  journal={IEEE transactions on medical imaging},
  volume={35},
  number={5},
  pages={1229--1239},
  year={2016},
  publisher={IEEE}
}

@article{ref11,
  title={Automatic segmentation and volumetry of multiple sclerosis brain lesions from MR images},
  author={Jain, Saurabh and Sima, Diana M and Ribbens, Annemie and Cambron, Melissa and Maertens, Anke and Van Hecke, Wim and De Mey, Johan and Barkhof, Frederik and Steenwijk, Martijn D and Daams, Marita and others},
  journal={NeuroImage: Clinical},
  volume={8},
  pages={367--375},
  year={2015},
  publisher={Elsevier}
}

@article{ref12,
  title={Multi-view longitudinal CNN for multiple sclerosis lesion segmentation},
  author={Birenbaum, Ariel and Greenspan, Hayit},
  journal={Engineering Applications of Artificial Intelligence},
  volume={65},
  pages={111--118},
  year={2017},
  publisher={Elsevier}
}












@article{ref13,
  title={Brain imaging techniques and their applications in decision-making research},
  author={Gui, XUE and Chuansheng, CHEN and Zhong-Lin, LU and Qi, DONG},
  journal={Xin li xue bao. Acta psychologica Sinica},
  volume={42},
  number={1},
  pages={120},
  year={2010},
  publisher={NIH Public Access}
}


@article{ref14,
  title={Brain and spinal cord MR imaging features in multiple sclerosis and variants},
  author={Dekker, Iris and Wattjes, Mike P},
  journal={Neuroimaging Clinics},
  volume={27},
  number={2},
  pages={205--227},
  year={2017},
  publisher={Elsevier}
}

@article{ref15,
  title={Fundamentals of medical imaging},
  author={Mahesh, Mahadevappa},
  journal={Medical Physics},
  volume={38},
  number={3},
  pages={1735--1735},
  year={2011},
  publisher={Wiley Online Library}
}

@article{ref16,
  title={Nanoscale X-ray imaging},
  author={Sakdinawat, Anne and Attwood, David},
  journal={Nature photonics},
  volume={4},
  number={12},
  pages={840},
  year={2010},
  publisher={Nature Publishing Group}
}

@inproceedings{ref17,
  title={Medical imaging modalities: a survey},
  author={Elangovan, Aarthipoornima and Jeyaseelan, T},
  booktitle={Emerging Trends in Engineering, Technology and Science (ICETETS), International Conference on},
  pages={1--4},
  year={2016},
  organization={IEEE}
}

@article{ref18,
  title={MRI in multiple sclerosis: a review of the current literature},
  author={Ceccarelli, Antonia and Bakshi, Rohit and Neema, Mohit},
  journal={Current opinion in neurology},
  volume={25},
  number={4},
  pages={402--409},
  year={2012},
  publisher={LWW}
}

@article{ref19,
  title={White matter matters},
  author={Fields, R Douglas},
  journal={Scientific American},
  volume={298},
  number={3},
  pages={54--61},
  year={2008},
  publisher={Nature Publishing Group}
}


@article{ref20,
  title={Multiple sclerosis: geoepidemiology, genetics and the environment},
  author={Milo, Ron and Kahana, Esther},
  journal={Autoimmunity reviews},
  volume={9},
  number={5},
  pages={A387--A394},
  year={2010},
  publisher={Elsevier}
}

@article{ref21,
  title={A hybrid approach based on logistic classification and iterative contrast enhancement algorithm for hyperintense multiple sclerosis lesion segmentation},
  author={da Silva Senra Filho, Antonio Carlos},
  journal={Medical \& biological engineering \& computing},
  volume={56},
  number={6},
  pages={1063--1076},
  year={2018},
  publisher={Springer}
}

@article{ref22,
  title={A level set method for multiple sclerosis lesion segmentation},
  author={Zhao, Yue and Guo, Shuxu and Luo, Min and Shi, Xue and Bilello, Michel and Zhang, Shaoxiang and Li, Chunming},
  journal={Magnetic resonance imaging},
  volume={49},
  pages={94--100},
  year={2018},
  publisher={Elsevier}
}

@article{ref23,
  title={Multiple sclerosis exploration based on automatic MRI modalities segmentation approach with advanced volumetric evaluations for essential feature extraction},
  author={Ghribi, Olfa and Sellami, Lamia and Slima, Mohamed Ben and Mhiri, Chokri and Dammak, Mariem and Hamida, Ahmed Ben},
  journal={Biomedical Signal Processing and Control},
  volume={40},
  pages={473--487},
  year={2018},
  publisher={Elsevier}
}

@article{ref24,
  title={An energy minimization method for MS lesion segmentation from T1-w and FLAIR images},
  author={Zhao, Yue and Guo, Shuxu and Luo, Min and Liu, Yu and Bilello, Michel and Li, Chunming},
  journal={Magnetic resonance imaging},
  volume={39},
  pages={1--6},
  year={2017},
  publisher={Elsevier}
}

@article{ref25,
  title={An effective method for computerized prediction and segmentation of multiple sclerosis lesions in brain MRI},
  author={Roy, Sudipta and Bhattacharyya, Debnath and Bandyopadhyay, Samir Kumar and Kim, Tai-Hoon},
  journal={Computer methods and programs in biomedicine},
  volume={140},
  pages={307--320},
  year={2017},
  publisher={Elsevier}
}

@article{ref26,
  title={Correction of intensity variations in MR images for computer-aided tissue classification},
  author={Dawant, Benoit M and Zijdenbos, Alex P and Margolin, Richard A},
  journal={IEEE transactions on medical imaging},
  volume={12},
  number={4},
  pages={770--781},
  year={1993},
  publisher={IEEE}
}

@article{ref27,
  title={N4ITK: improved N3 bias correction},
  author={Tustison, Nicholas J and Avants, Brian B and Cook, Philip A and Zheng, Yuanjie and Egan, Alexander and Yushkevich, Paul A and Gee, James C},
  journal={IEEE transactions on medical imaging},
  volume={29},
  number={6},
  pages={1310--1320},
  year={2010},
  publisher={IEEE}
}

@article{ref28,
  title={Atlas-based segmentation of multiple sclerosis lesions in magnetic resonance imaging},
  author={Cabezas Grebol, Mariano and others},
  year={2013},
  publisher={Universitat de Girona}
}
	
@article{ref29,
  title={MULTIPLE SCLEROSIS DIAGNOSIS WITH FUZZY CMeans},
  author={Gheshlaghi, Saba Heidari and Madani, Abolfazl and Suratgar, AmirAbolfazl and Faraji, Fardin},
  journal={Computer Science \& Information Technology},
  pages={97}
}

@article{ref30,
  title={An efficient multiple sclerosis segmentation and detection system using neural networks},
  author={Alshayeji, Mohammad H and Al-Rousan, Mohammad A and Ellethy, Hanem and Abed, Sa'ed},
  journal={Computers \& Electrical Engineering},
  volume={71},
  pages={191--205},
  year={2018},
  publisher={Elsevier}
}

@MISC{site1,
author = {حمید ایران‌پور},
title = {زیست},
month = December,
year = {2015},
howpublished={\url{http://zistshenasi94.blogfa.com/post/4}},
     LANGUAGE = "persian"
}


@article{reftab,
  title={Survey of automated multiple sclerosis lesion segmentation techniques on magnetic resonance imaging},
  author={Danelakis, Antonios and Theoharis, Theoharis and Verganelakis, Dimitrios A},
  journal={Computerized Medical Imaging and Graphics},
  volume={70},
  pages={83--100},
  year={2018},
  publisher={Elsevier}
}

@article{refBET,
  title={Fast robust automated brain extraction},
  author={Smith, Stephen M},
  journal={Human brain mapping},
  volume={17},
  number={3},
  pages={143--155},
  year={2002},
  publisher={Wiley Online Library}
}

@article{zhang2018multiple,
  title={Multiple sclerosis identification by convolutional neural network with dropout and parametric ReLU},
  author={Zhang, Yu-Dong and Pan, Chichun and Sun, Junding and Tang, Chaosheng},
  journal={Journal of computational science},
  volume={28},
  pages={1--10},
  year={2018},
  publisher={Elsevier}
}
%%%%%%%%%%%%%%%%%%%%%%%%%%
@misc{ thesis_abaspour,
       author = "عباسپور، الف.، و ياسي، م",
       title = "بررسي جريان بر روي سرريز مرکب مثلثي- مستطيلي. پايان‌نامه‌ي کارشناسي ارشد",
       year = "1380",
     publisher = "دانشگاه اروميه",
     LANGUAGE = "persian"
     }
@book{book_malekzade,
  author    = "استریتر.، وایلی.، و بدفورد", 
  title     = "مکانیک سیالات",
  year      = "1387",
  edition   = "9",
  note      = "ترجمه‌ی ملک‌زاده و کاشانی‌حصار",
  LANGUAGE = "persian"
}

@misc{ thesis_PourSkandar,
       author = "پوراسکندر، س.، سلماسی، ف.، و حسین‌زاده، ع",
       title = "بررسی آزمایشگاهی تأثیر تغییر عرض سرریز مرکب لبه پهن در خصوصیات جریان",
       year = "1389",
     publisher = "دانشگاه تبریز",
     LANGUAGE = "persian"
     }

@book{book_hoseini,
  author    = "حسینی،‌م.، و ابریشمی، ج. ", 
  title     = "هیدرولیک کانالهای باز",
  publisher = "دانشکده‌ی مهندسی دانشگاه فردوسی مشهد.",
  year      = "1389",
  series    = "22 چاپ ",
  LANGUAGE = "persian"
}
@misc{ thesis_farokhifar,
       author = "فرخی‌فر، الف. ",
       title = "بررسی آزمایشگاهی فرسایش در پایین‌دست حوضچه‌های آرامش برای خروجی لوله‌ها. پايان‌نامه‌ي کارشناسي ارشد",
       year = "1391",
     publisher = "دانشگاه یزد",
     LANGUAGE = "persian"
     }

@misc{ thesis_nikkhah,
       author = "نیک‌خواه، ص. ",
       title = "بررسی پدیده‌ی فراآب در بالادست پایه‌های پل. پايان‌نامه‌ي کارشناسي ارشد",
       year = "1391",
     publisher = "دانشگاه یزد",
     LANGUAGE = "persian"
     }

@misc{ thesis_nikkhah,
       author = " ترزبان،ک. ",
       title = "مطالعه‌ی آزمایشگاهی عملکرد هیدرولیکی سرریز لبه‌تیز مرکب ذوزنقه‌ای- ذوزنقه‌ای  پايان‌نامه‌ي کارشناسي ارشد",
       year = "1393",
     publisher = "دانشگاه یزد",
     LANGUAGE = "persian"
     }

@misc{ thesis_masodian,
       author = " مسعودیان، محسن.، قره‌گزلو، محمد.، فندرسکی، ربابه.، ونادری، فاطمه. ",
       title = "بررسی آزمایشگاهی جریان عبوری از سرریز- دریچه استوانه‌ای مستغرق واقع در کانال‌های کوچک",
       year = "1393",
     publisher = "دانشگاه یزد",
  volume    = 3,
  series    = 21,
note= "نشریه پژوهش‌های حفاظت آب و خاک",
     LANGUAGE = "persian"
     }
@article{kindsvater1957discharge,
  title={Discharge characteristics of rectangular thin-plate weirs},
  author={Kindsvater, Carl E and Carter, Rolland W},
  journal={Journal of the Hydraulics Division},
  volume={83},
  number={6},
  pages={1--36},
  year={1957},
  publisher={ASCE}
}
@book{henderson1996open,
  title={Open channel flow},
  author={Henderson, Francis Martin},
  year={1996},
  publisher={Macmillan}
}
@book{ackers1978weirs,
  title={Weirs and flumes for flow measurement},
  author={Ackers, Peter},
  year={1978},
  publisher={Wiley}
}
%12
@article{bos1997performance,
  title={Performance indicators for irrigation and drainage},
  author={Bos, Marinus G},
  journal={Irrigation and Drainage Systems},
  volume={11},
  number={2},
  pages={119--137},
  year={1989},
  publisher={Springer}
}

%13
@article{naot1993hydrodynamic,
  title={Hydrodynamic behavior of compound rectangular open channels},
  author={Naot, Dan and Nezu, Iehisa and Nakagawa, Hiroji},
  journal={Journal of Hydraulic Engineering},
  volume={119},
  number={3},
  pages={390--408},
  year={1993},
  publisher={American Society of Civil Engineers}
}
%14












%15
@article{martinez2005design,
  title={Design and calibration of a compound sharp-crested weir},
  author={Martinez, J and Reca, J and Morillas, MT and Lopez, JG},
  journal={Journal of hydraulic engineering},
  volume={131},
  number={2},
  pages={112--116},
  year={2005},
  publisher={American Society of Civil Engineers}
}

%16
@article{gougucs2006broad,
  title={Broad-crested weirs with rectangular compound cross sections},
  author={G{\"o}{\u{g}}{\"u}{\c{s}}, Mustafa and Defne, Zafer and {\"O}zkandemir, Volkan},
  journal={Journal of irrigation and drainage engineering},
  volume={132},
  number={3},
  pages={272--280},
  year={2006},
  publisher={American Society of Civil Engineers}
}
%17
@article{martinez2005design,
  title={Design and calibration of a compound sharp-crested weir},
  author={Martinez, J and Reca, J and Morillas, MT and Lopez, JG},
  journal={Journal of hydraulic engineering},
  volume={131},
  number={2},
  pages={112--116},
  year={2005},
  publisher={American Society of Civil Engineers}
}
%18
@article{jan2009experiments,
  title={Experiments on discharge equations of compound broad-crested weirs},
  author={Jan, Chyan-Deng and Chang, Chia-Jung and Kuo, Feng-Hao},
  journal={Journal of irrigation and drainage engineering},
  volume={135},
  number={4},
  pages={511--515},
  year={2009},
  publisher={American Society of Civil Engineers}
}
%19








%20
@article{salmasi2011discharge,
  title={Discharge relations for rectangular broad-crested weirs},
  author={Salmasi, Farzin and Poorescandar, Sanaz and Dalir, Ali Hosseinzadeh and Zadeh, Davood Farsadi},
  journal={Journal of Agricultural Sciences},
  volume={17},
  pages={324--336},
  year={2011}
}


%21
@article{lee2012experiments,
  title={Experiments on hydraulic relations for flow over a compound sharp-crested weir},
  author={Lee, Jung-Tai and Chan, Hsun-Chuan and Huang, Chin-Kun and Leu, Jan-Mou},
  journal={International Journal of Physical Sciences},
  volume={7},
  number={14},
  pages={2229--2237},
  year={2012},
  publisher={Academic Journals}
}

%22
@article{zahiri2013discharge,
  title={Discharge coefficient for compound sharp crested side weirs in subcritical flow conditions},
  author={Zahiri, A and Azamathulla, H Md and Bagheri, S},
  journal={Journal of Hydrology},
  volume={480},
  pages={162--166},
  year={2013},
  publisher={Elsevier}
}

%23
@article{arvanaghi2013sharp,
  title={Sharp-crested weir discharge coefficient},
  author={Arvanaghi, Hadi and Nasehi Oskuei, N},
  journal={J. Civ. Eng. Urban},
  volume={3},
  number={3},
  pages={87--91},
  year={2013}
}

%24


@inproceedings{kang2020acu,
  title={Acu-Net: A 3D Attention Context U-Net for Multiple Sclerosis Lesion Segmentation},
  author={Kang, Guixia and Hou, Beibei and Ma, Yiyuan and Labeau, Fabrice and Su, Zichen and others},
  booktitle={ICASSP 2020-2020 IEEE International Conference on Acoustics, Speech and Signal Processing (ICASSP)},
  pages={1384--1388},
  year={2020},
  organization={IEEE}
}

@inproceedings{abraham2019novel,
  title={A novel focal tversky loss function with improved attention u-net for lesion segmentation},
  author={Abraham, Nabila and Khan, Naimul Mefraz},
  booktitle={2019 IEEE 16th International Symposium on Biomedical Imaging (ISBI 2019)},
  pages={683--687},
  year={2019},
  organization={IEEE}
}








